@book{ matf,
       author = "Mladen Nikolić i Anđelka Zečević",
       title = "Mašinsko učenje",
       year = "2019" }
       

@misc{understandingLSTM,
  title = "Understanding LSTM Networks",
  howpublished = {\url{https://colah.github.io/posts/2015-08-Understanding-LSTMs/}}
}

@inproceedings{wang2018automatic,
  title={Automatic conditional generation of personalized social media short texts},
  author={Wang, Ziwen and Wang, Jie and Gu, Haiqian and Su, Fei and Zhuang, Bojin},
  booktitle={Pacific Rim International Conference on Artificial Intelligence},
  pages={56--63},
  year={2018},
  organization={Springer}
}

@article{pawade2018story,
  title={Story Scrambler--Automatic Text Generation Using Word Level RNN-LSTM},
  author={Pawade, D and Sakhapara, A and Jain, M and Jain, N and Gada, K},
  journal={International Journal of Information Technology and Computer Science (IJITCS)},
  volume={10},
  number={6},
  pages={44--53},
  year={2018}
}

@inproceedings{sutskever2011generating,
  title={Generating text with recurrent neural networks},
  author={Sutskever, Ilya and Martens, James and Hinton, Geoffrey E},
  booktitle={Proceedings of the 28th international conference on machine learning (ICML-11)},
  pages={1017--1024},
  year={2011}
}

@inproceedings{potash2015ghostwriter,
  title={Ghostwriter: Using an lstm for automatic rap lyric generation},
  author={Potash, Peter and Romanov, Alexey and Rumshisky, Anna},
  booktitle={Proceedings of the 2015 Conference on Empirical Methods in Natural Language Processing},
  pages={1919--1924},
  year={2015}
}

@article{choi2016text,
  title={Text-based LSTM networks for automatic music composition},
  author={Choi, Keunwoo and Fazekas, George and Sandler, Mark},
  journal={arXiv preprint arXiv:1604.05358},
  year={2016}
}
 
